<?xml version="1.0" encoding="UTF-8"?><collection xmlns="http://www.loc.gov/MARC21/slim"><record><leader>00591nam--2200193-i-4500</leader><controlfield tag="001">000037669</controlfield><controlfield tag="002">20161230</controlfield><controlfield tag="005">20161230201041</controlfield><controlfield tag="008">060222s1000------------r-----000-0-ger-d</controlfield><datafield ind1=" " ind2=" " tag="040"><subfield code="a">IFIN-HH</subfield></datafield><datafield ind1=" " ind2=" " tag="041"><subfield code="a">ger</subfield></datafield><datafield ind1=" " ind2=" " tag="080"><subfield code="a">535.338.3</subfield></datafield><datafield ind1="1" ind2="0" tag="100"><subfield code="a">Prokofjew,W.K.,Raiski,S.M. And Saidel,A.N</subfield></datafield><datafield ind1="1" ind2="0" tag="245"><subfield code="a">Spektraltabellen. tables of spectrum lines. tablesdes raies spectrales. zweite auflage</subfield><subfield code="c">A.n. saidel, w.k. prokofjew, s.m. raiski</subfield></datafield><datafield ind1=" " ind2=" " tag="260"><subfield code="a">Berlin</subfield><subfield code="b">Verlag Technik</subfield><subfield code="c">1961</subfield></datafield><datafield ind1=" " ind2=" " tag="300"><subfield code="a">XLIII + 550 P</subfield></datafield><datafield ind1="1" ind2=" " tag="700"><subfield code="a">Raiski,S.M</subfield></datafield><datafield ind1=" " ind2=" " tag="852"><subfield code="a">8038</subfield><subfield code="c">53.081</subfield></datafield><datafield ind1=" " ind2=" " tag="CAT"><subfield code="a">Sys</subfield><subfield code="c">20151109</subfield><subfield code="h">100938</subfield></datafield></record></collection>